@inproceedings{song2000practical,
    author    = {Dawn Xiaodong Song and
  David A. Wagner and
  Adrian Perrig},
  title     = {Practical Techniques for Searches on Encrypted Data},
  booktitle = {{IEEE} Symposium on Security and Privacy},
  pages     = {44--55},
  year      = {2000},
  crossref  = {DBLP:conf/sp/2000},
  url       = {https://doi.org/10.1109/SECPRI.2000.848445},
  doi       = {10.1109/SECPRI.2000.848445},
  timestamp = {Wed, 14 Jun 2017 15:21:25 +0200},
  biburl    = {https://dblp.org/rec/bib/conf/sp/SongWP00},
  bibsource = {dblp computer science bibliography, https://dblp.org}
}
@article{goh2003secure,
  author    = {Eu{-}Jin Goh},
title     = {Secure Indexes},
journal   = {{IACR} Cryptology ePrint Archive},
volume    = {2003},
pages     = {216},
year      = {2003},
url       = {http://eprint.iacr.org/2003/216},
timestamp = {Thu, 08 Jun 2017 14:26:45 +0200},
biburl    = {https://dblp.org/rec/bib/journals/iacr/Goh03},
bibsource = {dblp computer science bibliography, https://dblp.org}
}
@inproceedings{chang2005privacy,
  author    = {Yan{-}Cheng Chang and
Michael Mitzenmacher},
title     = {Privacy Preserving Keyword Searches on Remote Encrypted Data},
booktitle = {Applied Cryptography and Network Security, Third International Conference,
{ACNS}},
pages     = {442--455},
year      = {2005},
crossref  = {DBLP:conf/acns/2005},
url       = {https://doi.org/10.1007/11496137_30},
doi       = {10.1007/11496137_30},
timestamp = {Tue, 30 May 2017 16:36:53 +0200},
biburl    = {https://dblp.org/rec/bib/conf/acns/ChangM05},
bibsource = {dblp computer science bibliography, https://dblp.org}
}
@article{curtmola2011searchable,
  author    = {Reza Curtmola and
Juan A. Garay and
Seny Kamara and
Rafail Ostrovsky},
title     = {Searchable symmetric encryption: Improved definitions and efficient
constructions},
journal   = {Journal of Computer Security},
volume    = {19},
number    = {5},
pages     = {895--934},
year      = {2011},
url       = {https://doi.org/10.3233/JCS-2011-0426},
doi       = {10.3233/JCS-2011-0426},
timestamp = {Fri, 26 May 2017 22:53:13 +0200},
biburl    = {https://dblp.org/rec/bib/journals/jcs/CurtmolaGKO11},
bibsource = {dblp computer science bibliography, https://dblp.org}
}
@inproceedings{chase2010structured,
  author    = {Melissa Chase and
Seny Kamara},
title     = {Structured Encryption and Controlled Disclosure},
booktitle = {16th International Conference
on the Theory and Application of Cryptology and Information Security},
pages     = {577--594},
year      = {2010},
crossref  = {DBLP:conf/asiacrypt/2010},
url       = {https://doi.org/10.1007/978-3-642-17373-8_33},
doi       = {10.1007/978-3-642-17373-8_33},
timestamp = {Fri, 19 May 2017 01:26:33 +0200},
biburl    = {https://dblp.org/rec/bib/conf/asiacrypt/ChaseK10},
bibsource = {dblp computer science bibliography, https://dblp.org}
}
@incollection{cash2013highly,
  author    = {David Cash and
Stanislaw Jarecki and
Charanjit S. Jutla and
Hugo Krawczyk and
Marcel{-}Catalin Rosu and
Michael Steiner},
title     = {Highly-Scalable Searchable Symmetric Encryption with Support for Boolean
Queries},
booktitle = {33rd Annual Cryptology Conference},
pages     = {353--373},
year      = {2013},
crossref  = {DBLP:conf/crypto/2013-1},
url       = {https://doi.org/10.1007/978-3-642-40041-4_20},
doi       = {10.1007/978-3-642-40041-4_20},
timestamp = {Fri, 26 May 2017 00:50:20 +0200},
biburl    = {https://dblp.org/rec/bib/conf/crypto/CashJJKRS13},
bibsource = {dblp computer science bibliography, https://dblp.org}
}
@inproceedings{stefanov2014practical,
  author    = {Emil Stefanov and
Charalampos Papamanthou and
Elaine Shi},
title     = {Practical Dynamic Searchable Encryption with Small Leakage},
booktitle = {21st Annual Network and Distributed System Security Symposium, {NDSS}},
year      = {2014},
crossref  = {DBLP:conf/ndss/2014},
url       = {https://www.ndss-symposium.org/ndss2014/practical-dynamic-searchable-encryption-small-leakage},
timestamp = {Tue, 16 Jan 2018 13:23:48 +0100},
biburl    = {https://dblp.org/rec/bib/conf/ndss/StefanovPS14},
bibsource = {dblp computer science bibliography, https://dblp.org}
}
@inproceedings{hahn2014searchable,
  author    = {Florian Hahn and
Florian Kerschbaum},
title     = {Searchable Encryption with Secure and Efficient Updates},
booktitle = {The 2014 {ACM} {SIGSAC} Conference on Computer and
Communications Security},
pages     = {310--320},
year      = {2014},
crossref  = {DBLP:conf/ccs/2014},
url       = {http://doi.acm.org/10.1145/2660267.2660297},
doi       = {10.1145/2660267.2660297},
timestamp = {Tue, 13 Dec 2016 10:50:29 +0100},
biburl    = {https://dblp.org/rec/bib/conf/ccs/HahnK14},
bibsource = {dblp computer science bibliography, https://dblp.org}
}
@inproceedings{meng2015grecs,
author    = {Xianrui Meng and
Seny Kamara and
Kobbi Nissim and
George Kollios},
title     = {{GRECS:} Graph Encryption for Approximate Shortest Distance Queries},
booktitle = {The 22nd {ACM} {SIGSAC} Conference on Computer and
Communications Security},
pages     = {504--517},
year      = {2015},
crossref  = {DBLP:conf/ccs/2015},
url       = {http://doi.acm.org/10.1145/2810103.2813672},
doi       = {10.1145/2810103.2813672},
timestamp = {Wed, 11 Apr 2018 11:09:28 +0200},
biburl    = {https://dblp.org/rec/bib/conf/ccs/MengKNK15},
bibsource = {dblp computer science bibliography, https://dblp.org}
}
@article{wang2016searchable,
  title={Searchable encryption over feature-rich data},
  author={Wang, Qian and He, Meiqi and Du, Minxin and Chow, Sherman SM and Lai, Russell WF and Zou, Qin},
  journal={IEEE Transactions on Dependable and Secure Computing},
  year={2016},
  publisher={IEEE}
}
@inproceedings{lv2007multi,
  author    = {Qin Lv and
William Josephson and
Zhe Wang and
Moses Charikar and
Kai Li},
title     = {Multi-Probe {LSH:} Efficient Indexing for High-Dimensional Similarity
Search},
booktitle = {The 33rd International Conference on Very Large Data
Bases},
pages     = {950--961},
year      = {2007},
crossref  = {DBLP:conf/vldb/2007},
url       = {http://www.vldb.org/conf/2007/papers/research/p950-lv.pdf},
timestamp = {Wed, 27 Sep 2017 12:10:38 +0200},
biburl    = {https://dblp.org/rec/bib/conf/vldb/LvJWCL07},
bibsource = {dblp computer science bibliography, https://dblp.org}
}
@inproceedings{wang2014privacy,
  author    = {Bing Wang and
Shucheng Yu and
Wenjing Lou and
Y. Thomas Hou},
title     = {Privacy-preserving multi-keyword fuzzy search over encrypted data
in the cloud},
booktitle = {{IEEE} Conference on Computer Communications, {INFOCOM}},
pages     = {2112--2120},
year      = {2014},
crossref  = {DBLP:conf/infocom/2014},
url       = {https://doi.org/10.1109/INFOCOM.2014.6848153},
doi       = {10.1109/INFOCOM.2014.6848153},
timestamp = {Tue, 28 Nov 2017 16:18:09 +0100},
biburl    = {https://dblp.org/rec/bib/conf/infocom/WangYLH14},
bibsource = {dblp computer science bibliography, https://dblp.org}
}
@article{aswani2012fuzzy,
  author    = {P. Naga Aswani and
K. Chandra Shekar},
title     = {Fuzzy Keyword Search over Encrypted Data using Symbol-Based Trie-traverse
Search Scheme in Cloud Computing},
journal   = {CoRR},
volume    = {abs/1211.3682},
year      = {2012},
url       = {http://arxiv.org/abs/1211.3682},
archivePrefix = {arXiv},
eprint    = {1211.3682},
timestamp = {Wed, 07 Jun 2017 14:42:08 +0200},
biburl    = {https://dblp.org/rec/bib/journals/corr/abs-1211-3682},
bibsource = {dblp computer science bibliography, https://dblp.org}
}
@inproceedings{kamara2012dynamic,
  author    = {Seny Kamara and
Charalampos Papamanthou and
Tom Roeder},
title     = {Dynamic searchable symmetric encryption},
booktitle = {the {ACM} Conference on Computer and Communications Security, CCS},
pages     = {965--976},
year      = {2012},
crossref  = {DBLP:conf/ccs/2012},
url       = {http://doi.acm.org/10.1145/2382196.2382298},
doi       = {10.1145/2382196.2382298},
timestamp = {Tue, 16 Oct 2012 19:19:53 +0200},
biburl    = {https://dblp.org/rec/bib/conf/ccs/KamaraPR12},
bibsource = {dblp computer science bibliography, https://dblp.org}
}
@inproceedings{bost2016ovarphiovarsigma,
  author    = {Raphael Bost},
title     = {{\(\sum\)}o{\(\varphi\)}o{\(\varsigma\)}: Forward Secure Searchable
Encryption},
booktitle = {{ACM} {SIGSAC} Conference on Computer and
Communications Security},
pages     = {1143--1154},
year      = {2016},
crossref  = {DBLP:conf/ccs/2016},
url       = {http://doi.acm.org/10.1145/2976749.2978303},
doi       = {10.1145/2976749.2978303},
timestamp = {Mon, 24 Oct 2016 18:57:12 +0200},
biburl    = {https://dblp.org/rec/bib/conf/ccs/Bost16},
bibsource = {dblp computer science bibliography, https://dblp.org}
}
@inproceedings{lai2017forward,
  author    = {Russell W. F. Lai and
Sherman S. M. Chow},
title     = {Forward-Secure Searchable Encryption on Labeled Bipartite Graphs},
booktitle = {15th International Conference,
{ACNS}},
pages     = {478--497},
year      = {2017},
crossref  = {DBLP:conf/acns/2017},
url       = {https://doi.org/10.1007/978-3-319-61204-1_24},
doi       = {10.1007/978-3-319-61204-1_24},
timestamp = {Tue, 04 Jul 2017 13:29:07 +0200},
biburl    = {https://dblp.org/rec/bib/conf/acns/LaiC17},
bibsource = {dblp computer science bibliography, https://dblp.org}
}
@inproceedings{bost2017forward,
  author    = {Rapha{\"{e}}l Bost and
Brice Minaud and
Olga Ohrimenko},
title     = {Forward and Backward Private Searchable Encryption from Constrained
Cryptographic Primitives},
booktitle = {{ACM} {SIGSAC} Conference on Computer and
Communications Security, {CCS}},
pages     = {1465--1482},
year      = {2017},
crossref  = {DBLP:conf/ccs/2017},
url       = {http://doi.acm.org/10.1145/3133956.3133980},
doi       = {10.1145/3133956.3133980},
timestamp = {Tue, 13 Mar 2018 15:08:56 +0100},
biburl    = {https://dblp.org/rec/bib/conf/ccs/BostMO17},
bibsource = {dblp computer science bibliography, https://dblp.org}
}
@inproceedings{ye2017video,
  author    = {Yunan Ye and
Zhou Zhao and
Yimeng Li and
Long Chen and
Jun Xiao and
Yueting Zhuang},
title     = {Video Question Answering via Attribute-Augmented Attention Network
Learning},
booktitle = {The 40th International {ACM} {SIGIR} Conference on
Research and Development in Information Retrieval},
pages     = {829--832},
year      = {2017},
crossref  = {DBLP:conf/sigir/2017},
url       = {http://doi.acm.org/10.1145/3077136.3080655},
doi       = {10.1145/3077136.3080655},
timestamp = {Sat, 21 Oct 2017 17:15:03 +0200},
biburl    = {https://dblp.org/rec/bib/conf/sigir/YeZLCXZ17},
bibsource = {dblp computer science bibliography, https://dblp.org}
}
@inproceedings{qin2017zero,
  author    = {Jie Qin and
Li Liu and
Ling Shao and
Fumin Shen and
Bingbing Ni and
Jiaxin Chen and
Yunhong Wang},
title     = {Zero-Shot Action Recognition with Error-Correcting Output Codes},
booktitle = {{IEEE} Conference on Computer Vision and Pattern Recognition,
{CVPR}},
pages     = {1042--1051},
year      = {2017},
crossref  = {DBLP:conf/cvpr/2017},
url       = {https://doi.org/10.1109/CVPR.2017.117},
doi       = {10.1109/CVPR.2017.117},
timestamp = {Sun, 25 Mar 2018 14:47:27 +0200},
biburl    = {https://dblp.org/rec/bib/conf/cvpr/QinLSSNCW17},
bibsource = {dblp computer science bibliography, https://dblp.org}
}
@article{padmakala2017interactive,
  author    = {Sadagopan Padmakala and
Ganapathy AnandhaMala},
title     = {Interactive video retrieval using semantic level features and relevant
feedback},
journal   = {Int. Arab J. Inf. Technol.},
volume    = {14},
number    = {5},
pages     = {764--773},
year      = {2017},
url       = {http://ccis2k.org/iajit/?option=com_content&task=blogcategory&id=123&Itemid=442},
timestamp = {Mon, 28 Aug 2017 15:41:25 +0200},
biburl    = {https://dblp.org/rec/bib/journals/iajit/PadmakalaA17},
bibsource = {dblp computer science bibliography, https://dblp.org}
}
@inproceedings{de2018semantic,
 author    = {Maaike H. T. de Boer},
title     = {Semantic Mapping in Video Retrieval},
journal   = {{SIGIR} Forum},
volume    = {51},
number    = {3},
pages     = {161--162},
year      = {2017},
url       = {http://doi.acm.org/10.1145/3190580.3190606},
doi       = {10.1145/3190580.3190606},
timestamp = {Tue, 06 Mar 2018 12:19:16 +0100},
biburl    = {https://dblp.org/rec/bib/journals/sigir/Boer17},
bibsource = {dblp computer science bibliography, https://dblp.org}
}
@article{de2017semantic1,
  author    = {Maaike de Boer and
Yi{-}Jie Lu and
Hao Zhang and
Klamer Schutte and
Chong{-}Wah Ngo and
Wessel Kraaij},
title     = {Semantic Reasoning in Zero Example Video Event Retrieval},
journal   = {{TOMCCAP}},
volume    = {13},
number    = {4},
pages     = {60:1--60:17},
year      = {2017},
url       = {http://doi.acm.org/10.1145/3131288},
doi       = {10.1145/3131288},
timestamp = {Mon, 06 Nov 2017 16:49:55 +0100},
biburl    = {https://dblp.org/rec/bib/journals/tomccap/BoerLZSNK17},
bibsource = {dblp computer science bibliography, https://dblp.org}
}
@inproceedings{liu2017surveillance,
  author    = {Si Liu and
Changhu Wang and
Ruihe Qian and
Han Yu and
Renda Bao and
Yao Sun},
title     = {Surveillance Video Parsing with Single Frame Supervision},
booktitle = {{IEEE} Conference on Computer Vision and Pattern Recognition,
{CVPR}},
pages     = {1013--1021},
year      = {2017},
crossref  = {DBLP:conf/cvpr/2017},
url       = {https://doi.org/10.1109/CVPR.2017.114},
doi       = {10.1109/CVPR.2017.114},
timestamp = {Tue, 14 Nov 2017 17:15:06 +0100},
biburl    = {https://dblp.org/rec/bib/conf/cvpr/LiuWQYBS17},
bibsource = {dblp computer science bibliography, https://dblp.org}
}
@article{kim2014joint,
  author    = {Gunhee Kim and
Leonid Sigal and
Eric P. Xing},
title     = {Joint Summarization of Large-Scale Collections of Web Images and Videos
for Storyline Reconstruction},
booktitle = {{IEEE} Conference on Computer Vision and Pattern Recognition,
{CVPR}},
pages     = {4225--4232},
year      = {2014},
crossref  = {DBLP:conf/cvpr/2014},
url       = {https://doi.org/10.1109/CVPR.2014.538},
doi       = {10.1109/CVPR.2014.538},
timestamp = {Thu, 25 May 2017 00:41:27 +0200},
biburl    = {https://dblp.org/rec/bib/conf/cvpr/KimSX14},
bibsource = {dblp computer science bibliography, https://dblp.org}
}
@inproceedings{DBLP:conf/cvpr/LuG13,
	author    = {Zheng Lu and
	Kristen Grauman},
	title     = {Story-Driven Summarization for Egocentric Video},
	booktitle = {{IEEE} Conference on Computer Vision and Pattern Recognition},
	pages     = {2714--2721},
	year      = {2013},
	crossref  = {DBLP:conf/cvpr/2013},
	url       = {https://doi.org/10.1109/CVPR.2013.350},
	doi       = {10.1109/CVPR.2013.350},
	timestamp = {Fri, 02 Jun 2017 20:48:06 +0200},
	biburl    = {https://dblp.org/rec/bib/conf/cvpr/LuG13},
	bibsource = {dblp computer science bibliography, https://dblp.org}
}
@inproceedings{DBLP:conf/eccv/PotapovDHS14,
	author    = {Danila Potapov and
	Matthijs Douze and
	Za{\"{\i}}d Harchaoui and
	Cordelia Schmid},
	title     = {Category-Specific Video Summarization},
	booktitle = {13th European Conference},
	pages     = {540--555},
	year      = {2014},
	crossref  = {DBLP:conf/eccv/2014-6},
	url       = {https://doi.org/10.1007/978-3-319-10599-4_35},
	doi       = {10.1007/978-3-319-10599-4_35},
	timestamp = {Fri, 19 May 2017 01:25:57 +0200},
	biburl    = {https://dblp.org/rec/bib/conf/eccv/PotapovDHS14},
	bibsource = {dblp computer science bibliography, https://dblp.org}
}
@inproceedings{DBLP:conf/eccv/GygliGRG14,
	author    = {Michael Gygli and
	Helmut Grabner and
	Hayko Riemenschneider and
	Luc J. Van Gool},
	title     = {Creating Summaries from User Videos},
	booktitle = {13th European Conference {ECCV}},
	pages     = {505--520},
	year      = {2014},
	crossref  = {DBLP:conf/eccv/2014-7},
	url       = {https://doi.org/10.1007/978-3-319-10584-0_33},
	doi       = {10.1007/978-3-319-10584-0_33},
	timestamp = {Fri, 19 May 2017 01:25:57 +0200},
	biburl    = {https://dblp.org/rec/bib/conf/eccv/GygliGRG14},
	bibsource = {dblp computer science bibliography, https://dblp.org}
}
@article{DBLP:journals/tcsv/YinTZ18,
	author    = {Yifang Yin and
	Roshan Thapliya and
	Roger Zimmermann},
	title     = {Encoded Semantic Tree for Automatic User Profiling Applied to Personalized
	Video Summarization},
	journal   = {{IEEE} Trans. Circuits Syst. Video Techn.},
	volume    = {28},
	number    = {1},
	pages     = {181--192},
	year      = {2018},
	url       = {https://doi.org/10.1109/TCSVT.2016.2602832},
	doi       = {10.1109/TCSVT.2016.2602832},
	timestamp = {Thu, 25 Jan 2018 11:13:12 +0100},
	biburl    = {https://dblp.org/rec/bib/journals/tcsv/YinTZ18},
	bibsource = {dblp computer science bibliography, https://dblp.org}
}
@article{DBLP:journals/tip/MengWWYT18,
	author    = {Jingjing Meng and
	Suchen Wang and
	Hongxing Wang and
	Junsong Yuan and
	Yap{-}Peng Tan},
	title     = {Video Summarization Via Multiview Representative Selection},
	journal   = {{IEEE} Trans. Image Processing},
	volume    = {27},
	number    = {5},
	pages     = {2134--2145},
	year      = {2018},
	url       = {https://doi.org/10.1109/TIP.2017.2789332},
	doi       = {10.1109/TIP.2017.2789332},
	timestamp = {Tue, 20 Mar 2018 15:04:03 +0100},
	biburl    = {https://dblp.org/rec/bib/journals/tip/MengWWYT18},
	bibsource = {dblp computer science bibliography, https://dblp.org}
}
@inproceedings{DBLP:conf/aaai/XuZ17,
	author    = {Linli Xu and
	Chao Zhang},
	title     = {Bridging Video Content and Comments: Synchronized Video Description
	with Temporal Summarization of Crowdsourced Time-Sync Comments},
	booktitle = {The Thirty-First {AAAI} Conference on Artificial Intelligence},
	pages     = {1611--1617},
	year      = {2017},
	crossref  = {DBLP:conf/aaai/2017},
	url       = {http://aaai.org/ocs/index.php/AAAI/AAAI17/paper/view/14717},
	timestamp = {Mon, 06 Mar 2017 11:36:24 +0100},
	biburl    = {https://dblp.org/rec/bib/conf/aaai/XuZ17},
	bibsource = {dblp computer science bibliography, https://dblp.org}
}
@article{DBLP:journals/tog/MahajanHMRB09,
	author    = {Dhruv Mahajan and
	Fu{-}Chung Huang and
	Wojciech Matusik and
	Ravi Ramamoorthi and
	Peter N. Belhumeur},
	title     = {Moving gradients: a path-based method for plausible image interpolation},
	journal   = {{ACM} Trans. Graph.},
	volume    = {28},
	number    = {3},
	pages     = {42:1--42:11},
	year      = {2009},
	url       = {http://doi.acm.org/10.1145/1531326.1531348},
	doi       = {10.1145/1531326.1531348},
	timestamp = {Wed, 04 Jan 2017 11:50:25 +0100},
	biburl    = {https://dblp.org/rec/bib/journals/tog/MahajanHMRB09},
	bibsource = {dblp computer science bibliography, https://dblp.org}
}
@inproceedings{DBLP:conf/cvpr/MeyerWZGS15,
	author    = {Simone Meyer and
	Oliver Wang and
	Henning Zimmer and
	Max Grosse and
	Alexander Sorkine{-}Hornung},
	title     = {Phase-based frame interpolation for video},
	booktitle = {{IEEE} Conference on Computer Vision and Pattern Recognition, {CVPR}},
	pages     = {1410--1418},
	year      = {2015},
	crossref  = {DBLP:conf/cvpr/2015},
	url       = {https://doi.org/10.1109/CVPR.2015.7298747},
	doi       = {10.1109/CVPR.2015.7298747},
	timestamp = {Thu, 25 May 2017 00:41:25 +0200},
	biburl    = {https://dblp.org/rec/bib/conf/cvpr/MeyerWZGS15},
	bibsource = {dblp computer science bibliography, https://dblp.org}
}
@inproceedings{DBLP:conf/cvpr/NiklausML17,
	author    = {Simon Niklaus and
	Long Mai and
	Feng Liu},
	title     = {Video Frame Interpolation via Adaptive Convolution},
	booktitle = {{IEEE} Conference on Computer Vision and Pattern Recognition,
	{CVPR}},
	pages     = {2270--2279},
	year      = {2017},
	crossref  = {DBLP:conf/cvpr/2017},
	url       = {https://doi.org/10.1109/CVPR.2017.244},
	doi       = {10.1109/CVPR.2017.244},
	timestamp = {Tue, 14 Nov 2017 17:15:06 +0100},
	biburl    = {https://dblp.org/rec/bib/conf/cvpr/NiklausML17},
	bibsource = {dblp computer science bibliography, https://dblp.org}
}
@inproceedings{DBLP:conf/icassp/YangF16,
	author    = {Xiaohui Yang and
	Zhiquan Feng},
	title     = {3D video frame interpolation via adaptive hybrid motion estimation
	and compensation},
	booktitle = {{IEEE} International Conference on Acoustics, Speech and Signal
	Processing, {ICASSP}},
	pages     = {1691--1695},
	year      = {2016},
	crossref  = {DBLP:conf/icassp/2016},
	url       = {https://doi.org/10.1109/ICASSP.2016.7471965},
	doi       = {10.1109/ICASSP.2016.7471965},
	timestamp = {Fri, 19 May 2017 01:25:47 +0200},
	biburl    = {https://dblp.org/rec/bib/conf/icassp/YangF16},
	bibsource = {dblp computer science bibliography, https://dblp.org}
}
@inproceedings{DBLP:conf/iccv/NiklausML17,
	author    = {Simon Niklaus and
	Long Mai and
	Feng Liu},
	title     = {Video Frame Interpolation via Adaptive Separable Convolution},
	booktitle = {{IEEE} International Conference on Computer Vision, {ICCV} 2017},
	pages     = {261--270},
	year      = {2017},
	crossref  = {DBLP:conf/iccv/2017},
	url       = {https://doi.org/10.1109/ICCV.2017.37},
	doi       = {10.1109/ICCV.2017.37},
	timestamp = {Thu, 11 Jan 2018 13:21:37 +0100},
	biburl    = {https://dblp.org/rec/bib/conf/iccv/NiklausML17},
	bibsource = {dblp computer science bibliography, https://dblp.org}
}
@inproceedings{DBLP:conf/cvpr/LinYHC15,
	author    = {Kevin Lin and
	Huei{-}Fang Yang and
	Jen{-}Hao Hsiao and
	Chu{-}Song Chen},
	title     = {Deep learning of binary hash codes for fast image retrieval},
	booktitle = {{IEEE} Conference on Computer Vision and Pattern Recognition
	Workshops, {CVPR} Workshops},
	pages     = {27--35},
	year      = {2015},
	crossref  = {DBLP:conf/cvpr/2015w},
	url       = {https://doi.org/10.1109/CVPRW.2015.7301269},
	doi       = {10.1109/CVPRW.2015.7301269},
	timestamp = {Thu, 15 Jun 2017 21:35:57 +0200},
	biburl    = {https://dblp.org/rec/bib/conf/cvpr/LinYHC15},
	bibsource = {dblp computer science bibliography, https://dblp.org}
}
@inproceedings{DBLP:conf/nips/KrizhevskySH12,
	author    = {Alex Krizhevsky and
	Ilya Sutskever and
	Geoffrey E. Hinton},
	title     = {ImageNet Classification with Deep Convolutional Neural Networks},
	booktitle = {Advances in Neural Information Processing Systems 25: 26th Annual
	Conference on Neural Information Processing Systems},
	pages     = {1106--1114},
	year      = {2012},
	crossref  = {DBLP:conf/nips/2012},
	url       = {http://papers.nips.cc/paper/4824-imagenet-classification-with-deep-convolutional-neural-networks},
	timestamp = {Thu, 11 Dec 2014 17:34:07 +0100},
	biburl    = {https://dblp.org/rec/bib/conf/nips/KrizhevskySH12},
	bibsource = {dblp computer science bibliography, https://dblp.org}
}
@inproceedings{DBLP:conf/eccv/ZhuFF14,
	author    = {Yuke Zhu and
	Alireza Fathi and
	Li Fei{-}Fei},
	title     = {Reasoning about Object Affordances in a Knowledge Base Representation},
	booktitle = {Computer Vision - {ECCV} 2014 - 13th European Conference},
	pages     = {408--424},
	year      = {2014},
	crossref  = {DBLP:conf/eccv/2014-2},
	url       = {https://doi.org/10.1007/978-3-319-10605-2_27},
	doi       = {10.1007/978-3-319-10605-2_27},
	timestamp = {Fri, 19 May 2017 01:25:57 +0200},
	biburl    = {https://dblp.org/rec/bib/conf/eccv/ZhuFF14},
	bibsource = {dblp computer science bibliography, https://dblp.org}
}
@inproceedings{DBLP:conf/wacv/LiuYJATDCS13,
	author    = {Jingen Liu and
	Qian Yu and
	Omar Javed and
	Saad Ali and
	Amir Tamrakar and
	Ajay Divakaran and
	Hui Cheng and
	Harpreet S. Sawhney},
	title     = {Video event recognition using concept attributes},
	booktitle = {{IEEE} Workshop on Applications of Computer Vision, {WACV}},
	pages     = {339--346},
	year      = {2013},
	crossref  = {DBLP:conf/wacv/2013},
	url       = {https://doi.org/10.1109/WACV.2013.6475038},
	doi       = {10.1109/WACV.2013.6475038},
	timestamp = {Fri, 19 May 2017 01:25:19 +0200},
	biburl    = {https://dblp.org/rec/bib/conf/wacv/LiuYJATDCS13},
	bibsource = {dblp computer science bibliography, https://dblp.org}
}
@inproceedings{DBLP:conf/cvpr/JainGS15,
	author    = {Mihir Jain and
	Jan C. van Gemert and
	Cees G. M. Snoek},
	title     = {What do 15, 000 object categories tell us about classifying and localizing
	actions?},
	booktitle = {{IEEE} Conference on Computer Vision and Pattern Recognition, {CVPR}},
	pages     = {46--55},
	year      = {2015},
	crossref  = {DBLP:conf/cvpr/2015},
	url       = {https://doi.org/10.1109/CVPR.2015.7298599},
	doi       = {10.1109/CVPR.2015.7298599},
	timestamp = {Thu, 25 May 2017 00:41:27 +0200},
	biburl    = {https://dblp.org/rec/bib/conf/cvpr/JainGS15},
	bibsource = {dblp computer science bibliography, https://dblp.org}
}
@inproceedings{DBLP:conf/eccv/Ikizler-CinbisS10,
	author    = {Nazli Ikizler{-}Cinbis and
	Stan Sclaroff},
	title     = {Object, Scene and Actions: Combining Multiple Features for Human Action
	Recognition},
	booktitle = {Computer Vision - {ECCV}, 11th European Conference on Computer
	Vision},
	pages     = {494--507},
	year      = {2010},
	crossref  = {DBLP:conf/eccv/2010-1},
	url       = {https://doi.org/10.1007/978-3-642-15549-9_36},
	doi       = {10.1007/978-3-642-15549-9_36},
	timestamp = {Fri, 19 May 2017 01:25:54 +0200},
	biburl    = {https://dblp.org/rec/bib/conf/eccv/Ikizler-CinbisS10},
	bibsource = {dblp computer science bibliography, https://dblp.org}
}
@article{DBLP:journals/pami/PrestSF12,
	author    = {Alessandro Prest and
	Cordelia Schmid and
	Vittorio Ferrari},
	title     = {Weakly Supervised Learning of Interactions between Humans and Objects},
	journal   = {{IEEE} Trans. Pattern Anal. Mach. Intell.},
	volume    = {34},
	number    = {3},
	pages     = {601--614},
	year      = {2012},
	url       = {https://doi.org/10.1109/TPAMI.2011.158},
	doi       = {10.1109/TPAMI.2011.158},
	timestamp = {Wed, 17 May 2017 10:56:22 +0200},
	biburl    = {https://dblp.org/rec/bib/journals/pami/PrestSF12},
	bibsource = {dblp computer science bibliography, https://dblp.org}
}
@inproceedings{DBLP:conf/cvpr/SadanandC12,
	author    = {Sreemanananth Sadanand and
	Jason J. Corso},
	title     = {Action bank: {A} high-level representation of activity in video},
	booktitle = {{IEEE} Conference on Computer Vision and Pattern Recognition},
	pages     = {1234--1241},
	year      = {2012},
	crossref  = {DBLP:conf/cvpr/2012},
	url       = {https://doi.org/10.1109/CVPR.2012.6247806},
	doi       = {10.1109/CVPR.2012.6247806},
	timestamp = {Thu, 25 May 2017 00:41:18 +0200},
	biburl    = {https://dblp.org/rec/bib/conf/cvpr/SadanandC12},
	bibsource = {dblp computer science bibliography, https://dblp.org}
}
@inproceedings{DBLP:conf/cvpr/WuFJS16,
	author    = {Zuxuan Wu and
	Yanwei Fu and
	Yu{-}Gang Jiang and
	Leonid Sigal},
	title     = {Harnessing Object and Scene Semantics for Large-Scale Video Understanding},
	booktitle = {{IEEE} Conference on Computer Vision and Pattern Recognition,
	{CVPR}},
	pages     = {3112--3121},
	year      = {2016},
	crossref  = {DBLP:conf/cvpr/2016},
	url       = {https://doi.org/10.1109/CVPR.2016.339},
	doi       = {10.1109/CVPR.2016.339},
	timestamp = {Thu, 25 May 2017 00:41:18 +0200},
	biburl    = {https://dblp.org/rec/bib/conf/cvpr/WuFJS16},
	bibsource = {dblp computer science bibliography, https://dblp.org}
}
@article{DBLP:journals/tdsc/LiYLLZS16,
	author    = {Hongwei Li and
	Yi Yang and
	Tom H. Luan and
	Xiaohui Liang and
	Liang Zhou and
	Xuemin Sherman Shen},
	title     = {Enabling Fine-Grained Multi-Keyword Search Supporting Classified Sub-Dictionaries
	over Encrypted Cloud Data},
	journal   = {{IEEE} Trans. Dependable Sec. Comput.},
	volume    = {13},
	number    = {3},
	pages     = {312--325},
	year      = {2016},
	url       = {https://doi.org/10.1109/TDSC.2015.2406704},
	doi       = {10.1109/TDSC.2015.2406704},
	timestamp = {Sun, 28 May 2017 13:21:02 +0200},
	biburl    = {https://dblp.org/rec/bib/journals/tdsc/LiYLLZS16},
	bibsource = {dblp computer science bibliography, https://dblp.org}
}
@article{DBLP:journals/tpds/XiaWSW16,
	author    = {Zhihua Xia and
	Xinhui Wang and
	Xingming Sun and
	Qian Wang},
	title     = {A Secure and Dynamic Multi-Keyword Ranked Search Scheme over Encrypted
	Cloud Data},
	journal   = {{IEEE} Trans. Parallel Distrib. Syst.},
	volume    = {27},
	number    = {2},
	pages     = {340--352},
	year      = {2016},
	url       = {https://doi.org/10.1109/TPDS.2015.2401003},
	doi       = {10.1109/TPDS.2015.2401003},
	timestamp = {Sat, 27 May 2017 14:23:25 +0200},
	biburl    = {https://dblp.org/rec/bib/journals/tpds/XiaWSW16},
	bibsource = {dblp computer science bibliography, https://dblp.org}
}
@inproceedings{DBLP:conf/ccs/KamaraPR12,
	author    = {Seny Kamara and
	Charalampos Papamanthou and
	Tom Roeder},
	title     = {Dynamic searchable symmetric encryption},
	booktitle = {the {ACM} Conference on Computer and Communications Security, CCS},
	pages     = {965--976},
	year      = {2012},
	crossref  = {DBLP:conf/ccs/2012},
	url       = {http://doi.acm.org/10.1145/2382196.2382298},
	doi       = {10.1145/2382196.2382298},
	timestamp = {Tue, 16 Oct 2012 19:19:53 +0200},
	biburl    = {https://dblp.org/rec/bib/conf/ccs/KamaraPR12},
	bibsource = {dblp computer science bibliography, https://dblp.org}
}
@inproceedings{DBLP:conf/fc/KamaraP13,
	author    = {Seny Kamara and
	Charalampos Papamanthou},
	title     = {Parallel and Dynamic Searchable Symmetric Encryption},
	booktitle = {Financial Cryptography and Data Security
	{FC}},
	pages     = {258--274},
	year      = {2013},
	crossref  = {DBLP:conf/fc/2013},
	url       = {https://doi.org/10.1007/978-3-642-39884-1_22},
	doi       = {10.1007/978-3-642-39884-1_22},
	timestamp = {Fri, 26 May 2017 00:50:27 +0200},
	biburl    = {https://dblp.org/rec/bib/conf/fc/KamaraP13},
	bibsource = {dblp computer science bibliography, https://dblp.org}
}
@article{DBLP:journals/popets/EtemadKPE18,
	author    = {Mohammad Etemad and
	Alptekin K{\"{u}}p{\c{c}}{\"{u}} and
	Charalampos Papamanthou and
	David Evans},
	title     = {Efficient Dynamic Searchable Encryption with Forward Privacy},
	journal   = {PoPETs},
	volume    = {2018},
	number    = {1},
	pages     = {5--20},
	year      = {2018},
	url       = {https://doi.org/10.1515/popets-2018-0002},
	doi       = {10.1515/popets-2018-0002},
	timestamp = {Tue, 13 Mar 2018 15:08:55 +0100},
	biburl    = {https://dblp.org/rec/bib/journals/popets/EtemadKPE18},
	bibsource = {dblp computer science bibliography, https://dblp.org}
}
@inproceedings{DBLP:conf/icics/XuXLZZ17,
	author    = {Lei Xu and
	Chungen Xu and
	Joseph K. Liu and
	Cong Zuo and
	Peng Zhang},
	title     = {A Multi-client Dynamic Searchable Symmetric Encryption System with
	Physical Deletion},
	booktitle = {Information and Communications Security
	{ICICS}},
	pages     = {516--528},
	year      = {2017},
	crossref  = {DBLP:conf/icics/2017},
	url       = {https://doi.org/10.1007/978-3-319-89500-0_45},
	doi       = {10.1007/978-3-319-89500-0_45},
	timestamp = {Wed, 18 Apr 2018 10:54:39 +0200},
	biburl    = {https://dblp.org/rec/bib/conf/icics/XuXLZZ17},
	bibsource = {dblp computer science bibliography, https://dblp.org}
}
@inproceedings{DBLP:conf/acisp/XuL0SWJ17,
	author    = {Peng Xu and
	Shuai Liang and
	Wei Wang and
	Willy Susilo and
	Qianhong Wu and
	Hai Jin},
	title     = {Dynamic Searchable Symmetric Encryption with Physical Deletion and
	Small Leakage},
	booktitle = {Information Security and Privacy - 22nd Australasian Conference, {ACISP}},
	pages     = {207--226},
	year      = {2017},
	crossref  = {DBLP:conf/acisp/2017-1},
	url       = {https://doi.org/10.1007/978-3-319-60055-0_11},
	doi       = {10.1007/978-3-319-60055-0_11},
	timestamp = {Fri, 22 Dec 2017 14:59:14 +0100},
	biburl    = {https://dblp.org/rec/bib/conf/acisp/XuL0SWJ17},
	bibsource = {dblp computer science bibliography, https://dblp.org}
}
@inproceedings{DBLP:conf/ccs/Bost16,
	author    = {Raphael Bost},
	title     = {{\(\sum\)}o{\(\varphi\)}o{\(\varsigma\)}: Forward Secure Searchable
	Encryption},
	booktitle = {{ACM} {SIGSAC} Conference on Computer and
	Communications Security},
	pages     = {1143--1154},
	year      = {2016},
	crossref  = {DBLP:conf/ccs/2016},
	url       = {http://doi.acm.org/10.1145/2976749.2978303},
	doi       = {10.1145/2976749.2978303},
	timestamp = {Mon, 24 Oct 2016 18:57:12 +0200},
	biburl    = {https://dblp.org/rec/bib/conf/ccs/Bost16},
	bibsource = {dblp computer science bibliography, https://dblp.org}
}
@inproceedings{DBLP:conf/acns/LaiC17,
	author    = {Russell W. F. Lai and
	Sherman S. M. Chow},
	title     = {Forward-Secure Searchable Encryption on Labeled Bipartite Graphs},
	booktitle = {Applied Cryptography and Network Security - 15th International Conference,
	{ACNS}},
	pages     = {478--497},
	year      = {2017},
	crossref  = {DBLP:conf/acns/2017},
	url       = {https://doi.org/10.1007/978-3-319-61204-1_24},
	doi       = {10.1007/978-3-319-61204-1_24},
	timestamp = {Tue, 04 Jul 2017 13:29:07 +0200},
	biburl    = {https://dblp.org/rec/bib/conf/acns/LaiC17},
	bibsource = {dblp computer science bibliography, https://dblp.org}
}
@inproceedings{DBLP:conf/ccs/BostMO17,
	author    = {Rapha{\"{e}}l Bost and
	Brice Minaud and
	Olga Ohrimenko},
	title     = {Forward and Backward Private Searchable Encryption from Constrained
	Cryptographic Primitives},
	booktitle = {{ACM} {SIGSAC} Conference on Computer and
	Communications Security, {CCS}},
	pages     = {1465--1482},
	year      = {2017},
	crossref  = {DBLP:conf/ccs/2017},
	url       = {http://doi.acm.org/10.1145/3133956.3133980},
	doi       = {10.1145/3133956.3133980},
	timestamp = {Tue, 13 Mar 2018 15:08:56 +0100},
	biburl    = {https://dblp.org/rec/bib/conf/ccs/BostMO17},
	bibsource = {dblp computer science bibliography, https://dblp.org}
}
@article{DBLP:journals/popets/EtemadKPE18,
	author    = {Mohammad Etemad and
	Alptekin K{\"{u}}p{\c{c}}{\"{u}} and
	Charalampos Papamanthou and
	David Evans},
	title     = {Efficient Dynamic Searchable Encryption with Forward Privacy},
	journal   = {PoPETs},
	volume    = {2018},
	number    = {1},
	pages     = {5--20},
	year      = {2018},
	url       = {https://doi.org/10.1515/popets-2018-0002},
	doi       = {10.1515/popets-2018-0002},
	timestamp = {Tue, 13 Mar 2018 15:08:55 +0100},
	biburl    = {https://dblp.org/rec/bib/journals/popets/EtemadKPE18},
	bibsource = {dblp computer science bibliography, https://dblp.org}
}
@book{katz2014introduction,
	title={Introduction to modern cryptography},
	author={Katz, Jonathan and Lindell, Yehuda},
	year={2014},
	publisher={CRC press}
}
@article{boneh2008graduate,
	title={A graduate course in applied cryptography},
	author={Boneh, Dan and Shoup, Victor},
	journal={Version 0.1, from http://cryptobook. net},
	year={2008}
}
@inproceedings{DBLP:conf/eurocrypt/Paillier99,
	author    = {Pascal Paillier},
	title     = {Public-Key Cryptosystems Based on Composite Degree Residuosity Classes},
	booktitle = {Advances in Cryptology - {EUROCRYPT}, International Conference
	on the Theory and Application of Cryptographic Techniques},
	pages     = {223--238},
	year      = {1999},
	crossref  = {DBLP:conf/eurocrypt/99},
	url       = {https://doi.org/10.1007/3-540-48910-X_16},
	doi       = {10.1007/3-540-48910-X_16},
	timestamp = {Tue, 23 May 2017 14:54:58 +0200},
	biburl    = {https://dblp.org/rec/bib/conf/eurocrypt/Paillier99},
	bibsource = {dblp computer science bibliography, https://dblp.org}
}
@article{DBLP:journals/popets/EtemadKPE18,
	author    = {Mohammad Etemad and
	Alptekin K{\"{u}}p{\c{c}}{\"{u}} and
	Charalampos Papamanthou and
	David Evans},
	title     = {Efficient Dynamic Searchable Encryption with Forward Privacy},
	journal   = {PoPETs},
	volume    = {2018},
	number    = {1},
	pages     = {5--20},
	year      = {2018},
	url       = {https://doi.org/10.1515/popets-2018-0002},
	doi       = {10.1515/popets-2018-0002},
	timestamp = {Tue, 13 Mar 2018 15:08:55 +0100},
	biburl    = {https://dblp.org/rec/bib/journals/popets/EtemadKPE18},
	bibsource = {dblp computer science bibliography, https://dblp.org}
}
@inproceedings{DBLP:conf/icde/KuzuIK12,
	author    = {Mehmet Kuzu and
	Mohammad Saiful Islam and
	Murat Kantarcioglu},
	title     = {Efficient Similarity Search over Encrypted Data},
	booktitle = {{IEEE} 28th International Conference on Data Engineering {(ICDE})},
	pages     = {1156--1167},
	year      = {2012},
	crossref  = {DBLP:conf/icde/2012},
	url       = {https://doi.org/10.1109/ICDE.2012.23},
	doi       = {10.1109/ICDE.2012.23},
	timestamp = {Wed, 17 May 2017 10:55:09 +0200},
	biburl    = {https://dblp.org/rec/bib/conf/icde/KuzuIK12},
	bibsource = {dblp computer science bibliography, https://dblp.org}
}
@book{pinch1991communication,
	title={Communication Theory (London Mathematical Society Student Texts)},
	author={Pinch, Richard GE and Goldie, Charles M},
	year={1991},
	publisher={Cambridge University Press}
}
@article{DBLP:journals/corr/abs-1212-0402,
	author    = {Khurram Soomro and
	Amir Roshan Zamir and
	Mubarak Shah},
	title     = {{UCF101:} {A} Dataset of 101 Human Actions Classes From Videos in
	The Wild},
	journal   = {CoRR},
	volume    = {abs/1212.0402},
	year      = {2012},
	url       = {http://arxiv.org/abs/1212.0402},
	archivePrefix = {arXiv},
	eprint    = {1212.0402},
	timestamp = {Wed, 07 Jun 2017 14:40:34 +0200},
	biburl    = {https://dblp.org/rec/bib/journals/corr/abs-1212-0402},
	bibsource = {dblp computer science bibliography, https://dblp.org}
}
@article{DBLP:journals/ijcv/Lowe04,
	author    = {David G. Lowe},
	title     = {Distinctive Image Features from Scale-Invariant Keypoints},
	journal   = {International Journal of Computer Vision},
	volume    = {60},
	number    = {2},
	pages     = {91--110},
	year      = {2004},
	url       = {https://doi.org/10.1023/B:VISI.0000029664.99615.94},
	doi       = {10.1023/B:VISI.0000029664.99615.94},
	timestamp = {Wed, 17 May 2017 14:25:24 +0200},
	biburl    = {https://dblp.org/rec/bib/journals/ijcv/Lowe04},
	bibsource = {dblp computer science bibliography, https://dblp.org}
}
@inproceedings{csurka2004visual,
	title={Visual categorization with bags of keypoints},
	author={Csurka, Gabriella and Dance, Christopher and Fan, Lixin and Willamowski, Jutta and Bray, C{\'e}dric},
	booktitle={Workshop on statistical learning in computer vision, ECCV},
	volume={1},
	number={1-22},
	pages={1--2},
	year={2004},
	organization={Prague}
}
@inproceedings{DBLP:conf/compgeom/DatarIIM04,
	author    = {Mayur Datar and
	Nicole Immorlica and
	Piotr Indyk and
	Vahab S. Mirrokni},
	title     = {Locality-sensitive hashing scheme based on p-stable distributions},
	booktitle = {The 20th {ACM} Symposium on Computational Geometry},
	pages     = {253--262},
	year      = {2004},
	crossref  = {DBLP:conf/compgeom/2004},
	url       = {http://doi.acm.org/10.1145/997817.997857},
	doi       = {10.1145/997817.997857},
	timestamp = {Fri, 30 Jan 2015 14:53:39 +0100},
	biburl    = {https://dblp.org/rec/bib/conf/compgeom/DatarIIM04},
	bibsource = {dblp computer science bibliography, https://dblp.org}
}
@inproceedings{liinstantcryptogram,
	title={InstantCryptoGram: Secure Image Retrieval Service},
	author={Minghui and Mingxue Zhang and Qian Wang and Sherman S.M. Chow and Minxin Du and Yanjiao Chen and Chenliang Li},
	booktitle = {IEEE International Conference on Computer Communications, {INFOCOM}}
}
@inproceedings{DBLP:conf/stoc/IndykM98,
	author    = {Piotr Indyk and
	Rajeev Motwani},
	title     = {Approximate Nearest Neighbors: Towards Removing the Curse of Dimensionality},
	booktitle = {The Thirtieth Annual {ACM} Symposium on the Theory
	of Computing},
	pages     = {604--613},
	year      = {1998},
	crossref  = {DBLP:conf/stoc/1998},
	url       = {http://doi.acm.org/10.1145/276698.276876},
	doi       = {10.1145/276698.276876},
	timestamp = {Thu, 16 Feb 2012 12:06:54 +0100},
	biburl    = {https://dblp.org/rec/bib/conf/stoc/IndykM98},
	bibsource = {dblp computer science bibliography, https://dblp.org}
}

@article{zaiane1999introduction,
	title={Introduction to data mining},
	author={Za{\"\i}ane, Osmar R},
	year={1999},
	publisher={Citeseer}
}
@inproceedings{DBLP:conf/stoc/BroderCFM98,
	author    = {Andrei Z. Broder and
	Moses Charikar and
	Alan M. Frieze and
	Michael Mitzenmacher},
	title     = {Min-Wise Independent Permutations (Extended Abstract)},
	booktitle = {The Thirtieth Annual {ACM} Symposium on the Theory
	of Computing},
	pages     = {327--336},
	year      = {1998},
	crossref  = {DBLP:conf/stoc/1998},
	url       = {http://doi.acm.org/10.1145/276698.276781},
	doi       = {10.1145/276698.276781},
	timestamp = {Thu, 16 Feb 2012 12:06:54 +0100},
	biburl    = {https://dblp.org/rec/bib/conf/stoc/BroderCFM98},
	bibsource = {dblp computer science bibliography, https://dblp.org}
}